@inproceedings{Giles:1998:CAC:276675.276685,
 author = {Giles, C. Lee and Bollacker, Kurt D. and Lawrence, Steve},
 title = {CiteSeer: An Automatic Citation Indexing System},
 booktitle = {Proceedings of the Third ACM Conference on Digital Libraries},
 series = {DL '98},
 year = {1998},
 isbn = {0-89791-965-3},
 location = {Pittsburgh, Pennsylvania, USA},
 pages = {89--98},
 numpages = {10},
 url = {http://doi.acm.org/10.1145/276675.276685},
 doi = {10.1145/276675.276685},
 acmid = {276685},
 publisher = {ACM},
 address = {New York, NY, USA},
} 

@incollection{map1,
year={2012},
isbn={978-1-4471-2320-0},
booktitle={Industrial Engineering: Innovative Networks},
editor={Sethi, Suresh P. and Bogataj, Marija and Ros-McDonnell, Lorenzo},
doi={10.1007/978-1-4471-2321-7_12},
title={Visualizing the Scientific Landscape Using Maps of Science},
url={http://dx.doi.org/10.1007/978-1-4471-2321-7_12},
publisher={Springer London},
author={Garechana, Gaizka and Rio, Rosa and Cilleruelo, Ernesto and Gavilanes, Javier},
pages={103-112},
language={English}
}

@article{Klavans:2009:TCM:1527090.1527095,
 author = {Klavans, Richard and Boyack, Kevin W.},
 title = {Toward a Consensus Map of Science},
 journal = {J. Am. Soc. Inf. Sci. Technol.},
 issue_date = {March 2009},
 volume = {60},
 number = {3},
 month = mar,
 year = {2009},
 issn = {1532-2882},
 pages = {455--476},
 numpages = {22},
 url = {http://dx.doi.org/10.1002/asi.v60:3},
 doi = {10.1002/asi.v60:3},
 acmid = {1527095},
 publisher = {John Wiley \& Sons, Inc.},
 address = {New York, NY, USA},
 keywords = {computer science, information mapping, mathematics, physical sciences, scientometrics},
} 

@article{DBLP:journals/corr/abs-1202-1914,
  author    = {Loet Leydesdorff and
               Stephen Carley and
               Ismael Rafols},
  title     = {Global Maps of Science based on the new Web-of-Science Categories},
  journal   = {CoRR},
  volume    = {abs/1202.1914},
  year      = {2012},
  url       = {http://arxiv.org/abs/1202.1914},
  timestamp = {Wed, 10 Oct 2012 21:28:47 +0200},
  biburl    = {http://dblp.uni-trier.de/rec/bib/journals/corr/abs-1202-1914},
  bibsource = {dblp computer science bibliography, http://dblp.org}
}

@article{Small:1999:VSC:308915.308932,
 author = {Small, Henry},
 title = {Visualizing Science by Citation Mapping},
 journal = {J. Am. Soc. Inf. Sci.},
 issue_date = {July 1999},
 volume = {50},
 number = {9},
 month = jul,
 year = {1999},
 issn = {0002-8231},
 pages = {799--813},
 numpages = {15},
 url = {http://dx.doi.org/10.1002/(SICI)1097-4571(1999)50:9<799::AID-ASI9>3.3.CO;2-7},
 doi = {10.1002/(SICI)1097-4571(1999)50:9<799::AID-ASI9>3.3.CO;2-7},
 acmid = {308932},
 publisher = {John Wiley \& Sons, Inc.},
 address = {New York, NY, USA},
} 

@MISC{M_automaticannotation,
    author = {Bertin M and Desclés J. P and Djioua B and Krushkov Y and Lalicc Umr},
    title = {Automatic Annotation in Text for Bibliometrics Use},
    year = {}
}

@ARTICLE{marc1,
  author = {Marc Bertin and Iana Atanassova},
  title = {Semantic Enrichment of Scientific Publications and Metadata : Citation Analysis Through Contextual and Cognitive Analysis},
  journal = {D-Lib Magazine},
  year = {2012},
  volume = {18},
  pages = {8},
  owner = {aliya},
  timestamp = {2015.01.21}
}

@inproceedings{Nanba:1999:TMS:1624312.1624351,
 author = {Nanba, Hidetsugu and Okumura, Manabu},
 title = {Towards Multi-paper Summarization Reference Information},
 booktitle = {Proceedings of the 16th International Joint Conference on Artificial Intelligence - Volume 2},
 series = {IJCAI'99},
 year = {1999},
 location = {Stockholm, Sweden},
 pages = {926--931},
 numpages = {6},
 url = {http://dl.acm.org/citation.cfm?id=1624312.1624351},
 acmid = {1624351},
 publisher = {Morgan Kaufmann Publishers Inc.},
 address = {San Francisco, CA, USA},
} 

@InProceedings{mei-zhai:2008:ACLMain,
  author    = {Mei, Qiaozhu  and  Zhai, ChengXiang},
  title     = {Generating Impact-Based Summaries for Scientific Literature},
  booktitle = {Proceedings of ACL-08: HLT},
  month     = {June},
  year      = {2008},
  address   = {Columbus, Ohio},
  publisher = {Association for Computational Linguistics},
  pages     = {816--824},
  url       = {http://www.aclweb.org/anthology/P/P08/P08-1093}
}

@inproceedings{Qazvinian:2008:SPS:1599081.1599168,
 author = {Qazvinian, Vahed and Radev, Dragomir R.},
 title = {Scientific Paper Summarization Using Citation Summary Networks},
 booktitle = {Proceedings of the 22Nd International Conference on Computational Linguistics - Volume 1},
 series = {COLING '08},
 year = {2008},
 isbn = {978-1-905593-44-6},
 location = {Manchester, United Kingdom},
 pages = {689--696},
 numpages = {8},
 url = {http://dl.acm.org/citation.cfm?id=1599081.1599168},
 acmid = {1599168},
 publisher = {Association for Computational Linguistics},
 address = {Stroudsburg, PA, USA},
} 

@INPROCEEDINGS{Nakov04citances:citation,
    author = {Preslav I. Nakov and Ariel S. Schwartz and Marti A. Hearst},
    title = {Citances: Citation Sentences for Semantic Analysis of Bioscience Text},
    booktitle = {In Proceedings of the SIGIR’04 workshop on Search and Discovery in Bioinformatics},
    year = {2004}
}

@ELECTRONIC{smith,
  author = {Linda C. Smith},
  title = {Citation Analysis},
  year = {1981},
  howpublished = {\url{https://www.ideals.illinois.edu/bitstream/handle/2142/7190/librarytrendsv30i1i_%20opt.pdf?sequence=1}},
  owner = {aliya},
  timestamp = {2015.01.21}
}

@INPROCEEDINGS{Councill08parscit:an,
    author = {Isaac G. Councill and C. Lee Giles and Min-yen Kan},
    title = {ParsCit: An open-source CRF reference string parsing package},
    booktitle = {International Language Resources and Evaluation},
    year = {2008},
    publisher = {European Language Resources Association}
}

@misc{web-repos,
	author={Cybermetrics Lab},
	title = {{Ranking Web of Repositories}},
	howpublished = {http://repositories.webometrics.info/}
}

@misc{citeseer,
	author={The Pennsylvania State University},
	title = {{Citeseer}},
	howpublished = {http://citeseerx.ist.psu.edu/}
}

@misc{seersuite,
	author={The Pennsylvania State University},
	title = {{SeerSuite}},
	howpublished = {http://citeseerx.sourceforge.net/}
}

@misc{solr,
	author={The Apache Software Foundation},
	title = {{Apache Solr}},
	howpublished = {http://lucene.apache.org/solr/}
}

@misc{lucene,
	author={The Apache Software Foundation},
	title = {{Apache Lucene}},
	howpublished = {http://lucene.apache.org/core/}
}

@misc{pdfbox,
	author={The Apache Software Foundation},
	title = {{Apache PDFBox}},
	howpublished = {https://pdfbox.apache.org/}
}

@misc{google.scholar,
	author={Google},
	title = {{Google Scholar}},
	howpublished = {http://scholar.google.ch/}
}

@misc{stanford.nlp,
	author={The Stanford Natural Language Processing Group},
	title = {{Stanford CoreNLP API}},
	howpublished = {http://nlp.stanford.edu/software/corenlp.shtml}
}

@ELECTRONIC{solr.config,
  author = {Grant Ingersoll},
  year = {2007},
  title = {Search smarter with Apache Solr, Part 1: Essential features and the
	Solr schema},
  howpublished = {http://public.dhe.ibm.com/software/dw/java/j-solr1-pdf.pdf},
  organization = {IBM Corporation},
  url = {http://public.dhe.ibm.com/software/dw/java/j-solr1-pdf.pdf},
  owner = {aliya},
  timestamp = {2015.01.20}
}

@misc{orduna2014size,
	author = {Ordu\~{n}a-Malea, Enrique and Ayll\'{o}n, Juan M. and Mart\'{\i}n-Mart\'{\i}n, Alberto and Delgado L\'{o}pez-C\'{o}zar, Emilio},
	day = {23},
	journal = {EC3 Working Papers},
	month = jul,
	posted-at = {2014-08-04 19:29:42},
	priority = {2},
	series = {EC3 Working Papers, 18},
	title = {About the size of Google Scholar: playing the numbers},
	url = {http://arxiv.org/pdf/1407.6239},
	volume = {18},
	year = {2014}
}

@incollection{Porter:1997:ASS:275537.275705,
 author = {Porter, M. F.},
 chapter = {An Algorithm for Suffix Stripping},
 title = {Readings in Information Retrieval},
 editor = {Sparck Jones, Karen and Willett, Peter},
 year = {1997},
 isbn = {1-55860-454-5},
 pages = {313--316},
 numpages = {4},
 url = {http://dl.acm.org/citation.cfm?id=275537.275705},
 acmid = {275705},
 publisher = {Morgan Kaufmann Publishers Inc.},
 address = {San Francisco, CA, USA},
} 

@incollection{bradshaw,
year={2003},
isbn={978-3-540-40726-3},
booktitle={Research and Advanced Technology for Digital Libraries},
volume={2769},
series={Lecture Notes in Computer Science},
editor={Koch, Traugott and Sølvberg, IngeborgTorvik},
doi={10.1007/978-3-540-45175-4_45},
title={Reference Directed Indexing: Redeeming Relevance for Subject Search in Citation Indexes},
url={http://dx.doi.org/10.1007/978-3-540-45175-4_45},
publisher={Springer Berlin Heidelberg},
author={Bradshaw, Shannon},
pages={499-510},
language={English}
}


@ELECTRONIC{use.solr.2,
  author = {Jonathan Rochkind},
  title = {Thinking like Solr — it’s not an rdbms},
  howpublished = {https://bibwild.wordpress.com/2011/01/24/thinking-like-solr-its-not-an-rdbms/},
  owner = {aliya},
  timestamp = {2015.01.20}
}

@ELECTRONIC{use.solr1,
  author = {Solr Wiki},
  title = {Why use Solr?},
  howpublished = {http://wiki.apache.org/solr/WhyUseSolr},
  owner = {aliya},
  timestamp = {2015.01.20}
}

@ELECTRONIC{mongo,
  title = {MongoDB database},
  author = {MongoDB, Inc.},
  howpublished = {http://www.mongodb.org/},
  organization = {MongoDB, Inc.},
  url = {http://www.mongodb.org/},
  owner = {aliya},
  timestamp = {2015.01.20}
}

@ELECTRONIC{bson,
  title = {BSON specification},
  author = {MongoDB, Inc.},
  howpublished = {http://bsonspec.org/},
  organization = {MongoDB, Inc.},
  url = {http://bsonspec.org/},
  owner = {aliya},
  timestamp = {2015.01.20}
}

